\bibliographystyle{./IEEEtran}
\bibliography{./IEEEabrv,./IEEEexample}



@electronic{jonesscipy2001,
	author        = {E. Jones and E. Oliphant and P. Peterson, et al},
	title         = {SciPy: Open Source Scientific Tools for Python},
	url           = {http://www.scipy.org/ },
	year          = {2001},
}

@electronic{weissteinfull,
	author        = {W. Eric},
	title         = {Full Width at Half Maximum},
	url           = {http://mathworld.wolfram.com/FullWidthatHalfMaximum.html  },
	year          = {2014},
}


@BOOK{qiangmicroscope2008,
	author = {Qiang Wu and F. Merchant and K. Castleman},
	title = {Microscope Image Processing},
	publisher = {Academic Press},
	address = {Massachusetts},
	year = {2008}
}

@BOOK{willmoreintroduction1959,
	author = {T. J. Willmore},
	title = {An introduction to differential geometry},
	publisher = {Oxford University Press},
	address = {Oxford},
	year = {1959}
}

@BOOK{thorpeelementary1979,
	author = {J. A. Thorpe},
	title = {Elementary topics in differential geometry},
	publisher = {Springer-Verlag},
	address = {New York},
	year = {1979}
}

@BOOK{burgerprinciples2009,
	author = {Burger, W and Burge, M. J},
	title = {Principles of digital image processing: Core algorithms},
	publisher = {Springer-Verlag},
	address = {New York},
	year = {2009}
}


@BOOK{woodfordnumerical2012,
	author = {Woodford, C and Philips, C.},
	title = {Numerical methods with worked examples: Matlab edition},
	publisher = {Springer-Verlag},
	address = {New York},
	year = {2012}
}
@BOOK{Book2001,
  author = {M. Goossens and F. Mittelbach and A. Samarin},
  title = {The {LaTeX} Companion},
  publisher = {Addison-Wesley},
  address = {Boston},
  year = {1994}
}





%%%%%%% journal

@ARTICLE{walldenstudying2011,
	author = {M. Wallden and J.Elf},
	title = {Studying transcriptional interaction in single cells at sufficient resolution},
	journal = {Current Opinion in Biotechnology},
	year = {2011},
	volume = {22},
	pages = {81-86}
}

@ARTICLE{dzyubachykadvanced2010,
	author = {O. Dzyubachyk and W. A. van Cappellen and J. Essers and W. J. Niessen and E. Meijering},
	title = {Advanced Level-Set-Based Cell Tracking in Time-Lapse Fluorescence Microscopy},
	journal = {IEEE Trans. Medical Imaging},
	year = {2010},
	volume = {29},
	pages = {852-867}
}

@ARTICLE{zimmersegmentation2002,
	author = {C. Zimmer and E. Labruyere and V. Meas-Yedid and N. Guillen and J.-C. Olivo-Marin},
	title = {Segmentation and tracking of migrating cells in videomicroscopy with parametric active contours: a tool for cell-based drug testing},
	journal = {IEEE Trans. Medical Imaging},
	year = {2002},
	volume = {21},
	pages = {1212–1221}
}

@ARTICLE{yuichiquantify2010,
	author = {Y. Taniguchi and P. J. Choi and G. Li and H. Chen and M. Babu and J. Hearn and A. Emili and X. S. Xie},
	title = {Quantifying E. coli Proteome and Transcriptome with Single-Molecule Sensitivity in Single Cells},
	journal = {Science},
	year = {2010},
	volume = {329},
	pages = {533-538}
}

@ARTICLE{elowitzstochastic2002,
	author = {M. B. Elowitz and A. J. Levine and E. D. Siggia and P. S. Swain},
	title = {Stochastic Gene Expression in a Single Cell},
	journal = {Science},
	year = {2002},
	volume = {297},
	pages = {1183-1186}
}

@ARTICLE{youngmeasuring2012,
	author = {J. W. Young and J. C. W. Locke and A. Altinok, N. Rosenfeld and T. Bacarian and P. S. Swain and E. Mjolsness, and M. B. Elowitz},
	title = {Measuring single-cell gene expression dynamics in bacteria using fluorescence time-lapse microscopy},
	journal = {Nat. Protocols},
	year = {2012},
	volume = {1},
	pages = {80-88}
}

@ARTICLE{chowdhurycell2013,
	author = {S. Chowdhury and M. Kandhavelu and O. Yli-Harja and A. S. Ribeiro},
	title = {Cell segmentation by multi-resolution analysis and maximum likelihood estimation (MAMLE)},
	journal = {BMC bioinformatics},
	year = {2013},
	volume = {14},
	pages = {S8}
}

@ARTICLE{ullmanhigh2012,
	author = {G. Ullman and M. Wallden and E. G. Marklund and A. Mahmutovic and I. Razinkov and J. Elf},
	title = {High-throughput gene expression analysis at the level of single proteins using a microfluidic turbidostat and automated cell tracking},
	journal = {Philosophical Transactions of the Royal Society B: Biological Sciences},
	year = {2012},
	volume = {368},
	pages = {1-8}
}

@ARTICLE{marquezmorphological2014,
	author = { P. Marquez-Neila and L. Baumela and L. Alvarez},
	title = {A Morphological Approach to Curvature-Based Evolution of Curves and Surfaces},
	journal = {IEEE Trans. Pattern Anal. Mach. Intell.},
	year = {2014},
	volume = {36},
	pages = {2-17}
}

@ARTICLE{magnussonglobal2014,
	author = {K. Magnusson and J. Jalden and P. Gilbert and H. Blau},
	title = {Global linking of cell tracks using the Viterbi algorithm},
	journal = {IEEE Trans. Med. Imag.},
	year = {2014},
	volume = {},
	pages = {}
}

@ARTICLE{martinrandom1981,
	author = {M. A. Fischler and R. C. Bolles},
	title = {Random Sample Consensus: A Paradigm for Model Fitting with Applications to Image Analysis and Automated Cartography},
	journal = {Comm. of the ACM},
	year = {1981},
	volume = {24},
	pages = {381-395}
}

@ARTICLE{sliusarenkohigh2011,
	author = {O. Sliusarenko and J. Heinritz and T. Emonet and C. Jacobs-Wagner},
	title = {High-throughput, subpixel precision analysis of bacterial morphogenesis and intracellular spatio-temporal dynamics},
	journal = {Mol. Microbiol},
	year = {2011},
	volume = {80},
	pages = {612-627}
}

@ARTICLE{otsuthreshold1979,
	author = {N. Otsu},
	title = {A threshold selection method from gray-level histograms},
	journal = {IEEE Trans. Sys. Man. Cyber.},
	year = {1979},
	volume = {9},
	pages = {62-66}
}

@ARTICLE{hammardirect2014,
	author = {P. Hammar and M. Walldén and D. Fange and F. Persson and O. Baltekin and G. Ullman and P. Leroy and J. Elf},
	title = {Direct measurement of transcription factor dissociation excludes a simple operator occupancy model for gene regulation},
	journal = {Nat. Genet},
	year = {2014},
	volume = {46},
	pages = {405-408}
}

@ARTICLE{perssonsingle2013,
	author = {F. Persson and I. Barkefors and J. Elf},
	title = {Single molecule methods with applications in living cells},
	journal = {Curr. Opin. Biotechnol.},
	year = {2013},
	volume = {24},
	pages = {737-744}
}

@ARTICLE{perssonextracting2013,
	author = {F. Persson and M. Lindén and C. Unoson and J. Elf},
	title = {Extracting intracellular diffusive states and transition rates from single-molecule tracking data},
	journal = {Nat. Methods},
	year = {2013},
	volume = {10},
	pages = {265-269}
}

@ARTICLE{hammarlac2012,
	author = {P. Hammar and P. Leroy and A. Mahmutovic and E.G. Marklund and O. G. Berg and J. Elf},
	title = {The lac repressor displays facilitated diffusion in living cells},
	journal = {Science},
	year = {2012},
	volume = {336},
	pages = {1595-1598}
}



%%%%%
%@ARTICLE{Article2002,
  %author = {B. Bleak and B. Bonsai},
  %title = {Blurring Boundaries Between Brown Boulders},
  %journal = {IEEE Trans. on Image Processing},
  %year = {2002},
  %volume = {13},
  %pages = {183-205}
%}
%%%%
@TECHREPORT{Report2003,
  author = {J. Steward and S. T. Colbert},
  title = {Faking the News},
  institution = {Comedy Central},
  year = {2003},
  number = {BS-143-44562},
  address = {New York}
}
%%%%


%%%%%%% conferences
@INPROCEEDINGS{bisereliable2011,
	author = {R. Bise and Z. Yin and T. Kanade},
	title = {Reliable cell tracking by global data association},
	booktitle = {Proceedings of IEEE International Symposium on Biomedical Imaging: From Nano to Macro},
	year = {2011},
	pages = {1004-1010},
	publisher = {IEEE }
}



@INPROCEEDINGS{jugoptimal2014,
	author =  {F. Jug and T. Pietzsch and D. Kainmüller and J. Funke and M. Kaiser and E. van Nimwegen and C. Rother and G. Myers},
	title = {Optimal Joint Segmentation and Tracking of Escherichia Coli in the Mother Machine},
	booktitle = {Proceedings of Bayesian and grAphical Models for Biomedical Imaging},
	year = {2014},
	editor = {M. Jorge Cardoso and Ivor Simpson and Tal Arbel and Doina Precup and Annemie Ribbens},
	volume = { 8677},
	series = {Lecture Notes in Computer Science},
	pages = {25-36},
	address = {Berlin},
	publisher = {Springer}
}



%%%%%%%%%%%%%%%%%%%%%%%%%%%%%%%%%%%%%%%%

%@INPROCEEDINGS{Proceedings2004,
%  author = {A. Uthor and B. Rutus},
%  title = {Uncanny Edge Detection},
%  booktitle = {Proceedings of International Conference on Pattern Recognition, ICPR},
%  year = {2004},
%  pages = {1-231},
%  publisher = {IEEE Computer Society}
%}

%@INPROCEEDINGS{Proceedings2005,
%  author = {A. K. Jain},
%  title = {Biometric Recognition: How Do {I} Know Who You Are?},
%  booktitle = {Proceedings 14th Scandinavian Conference, SCIA 2005},
%  year = {2005},
%  editor = {Heikki Kalviainen and  Jussi Parkkinen and Arto Kaarna},
%  volume = {3540},
%  series = {Lecture Notes in Computer Science},
%  pages = {1-10},
%  address = {Berlin},
%  publisher = {Springer}
%}
